@book{sutton:18,
  author    = {Sutton, Richard S and Barto, Andrew G},
  title     = {Reinforcement learning: An introduction},
  year      = {2018},
  edition   = {2nd}, 
  publisher = {MIT press}
}

@article{francois:18,
  author  = {Fran{\c{c}}ois-Lavet, Vincent and Henderson, Peter and Islam, Riashat and Bellemare, Marc G and Pineau, Joelle},
  title   = {An introduction to deep reinforcement learning},
  volume  = {11},
  number  = {3--4},
  pages   = {219--354},
  year    = {2018},
  journal = {Foundations and Trends in Machine Learning},
}

@article{mnih:15,
  author  = {Mnih, Volodymyr and Kavukcuoglu, Koray and Silver, David and Rusu, Andrei A. and Veness, Joel and Bellemare, Marc G. and Graves, Alex and Riedmiller, Martin and Fidjeland, Andreas K. and Ostrovski, Georg and Petersen, Stig and Beattie, Charles and Sadik, Amir and Antonoglou, Ioannis and King, Helen and Kumaran, Dharshan and Wierstra, Daan and Legg, Shane and Hassabis, Demis},
  title   = {Human-level control through deep reinforcement learning},
  journal = {Nature},
  month   = {Feb},
  number  = {7540},
  pages   = {529--533},
  volume  = {518},
  year    = {2015},
  publisher = {Nature Publishing Group},
}

@inproceedings{lillicrap:16,
  author    = {Timothy P. Lillicrap and
               Jonathan J. Hunt and
               Alexander Pritzel and
               Nicolas Heess and
               Tom Erez and
               Yuval Tassa and
               David Silver and
               Daan Wierstra},
  editor    = {Yoshua Bengio and Yann LeCun},
  title     = {Continuous control with deep reinforcement learning},
  booktitle = {4th International Conference on Learning Representations},
  year      = {2016},
}

@inproceedings{silver:14, 
  author    = {David Silver and Guy Lever and Nicolas Heess and Thomas Degris and Daan Wierstra and Martin Riedmiller},
  title     = {Deterministic Policy Gradient Algorithms},
  booktitle = {31st International Conference on Machine Learning},
  pages     = {387--395},
  year      = {2014},
  editor    = {Eric P. Xing and Tony Jebara},
  volume    = {32},
  number    = {1},
}

@inproceedings{lowe:17,
  author    = {Lowe, Ryan and Wu, Yi I and Tamar, Aviv and Harb, Jean and Abbeel, OpenAI Pieter and Mordatch, Igor},
  title     = {Multi-agent actor-critic for mixed cooperative-competitive environments},
  booktitle = {Advances in neural information processing systems},
  pages     = {6379--6390},
  year      = {2017}
}

@article{schaul:15,
  author  = {Schaul, Tom and Quan, John and Antonoglou, Ioannis and Silver, David},
  title   = {Prioritized experience replay},
  journal = {arXiv preprint},
  year    = {2015}
}

@inproceedings{andrychowicz:17,
  author    = {Andrychowicz, Marcin and Wolski, Filip and Ray, Alex and Schneider, Jonas and Fong, Rachel and Welinder, Peter and McGrew, Bob and Tobin, Josh and Abbeel, OpenAI Pieter and Zaremba, Wojciech},
  title     = {Hindsight experience replay},
  booktitle = {Advances in neural information processing systems},
  pages     = {5048--5058},
  year      = {2017}
}

@inproceedings{hafner:20,
  author    = {Danijar Hafner and Timothy Lillicrap and Jimmy Ba and Mohammad Norouzi},
  title     = {Dream to Control: Learning Behaviors by Latent Imagination},
  booktitle = {International Conference on Learning Representations},
  year      = {2020},
}
